2474 5234
552 62 791 142 eumenum

10 320 22 390 i
63 271 221 355 voluerit·
241 282 279 354 ln
305 276 423 355 indice
439 265 765 358 'uostroeuuluere
779 302 815 359 v.
836 271 1035 379 ocyuuctu,
1049 286 1122 361 ubl
1145 285 1222 381 slu3

10 500 23 545 Ε
57 435 176 505 multa
206 435 282 506 eius
318 430 457 534 figurae
491 420 659 536 exempla
695 425 924 513 adduximus
990 436 1049 512 sio
1082 441 1237 517 luced

10 659 15 702 .·
57 583 186 660 fabula
214 587 241 678 Ι,
275 595 308 680 1,
340 595 414 662 loc
448 588 604 664 fortasse
629 594 756 690 aliquis
783 582 1007 667 artificiosius
1032 612 1141 693 quam
1155 584 1230 670 've'

10 822 25 838 ι
59 731 274 836 explicuerit
316 762 352 814 v.
380 728 613 829 satiatura,
661 756 724 817 aut
764 746 893 818 Bacch.
928 750 957 834 1,
994 737 1029 836 l,
1063 746 1108 818 15
1136 733 1224 818 blb

55 887 124 967 out
148 895 228 968 Cos,
256 900 304 985 3,
322 900 365 985 2,
403 900 450 966 lo
488 884 715 982 cauticum?
748 886 893 971 rectius
910 898 1022 972 dubio
1054 887 1208 996 procul,

53 1049 243 1122 evolverit
272 1032 459 1146 apud'nos
476 1030 655 1144 futurum
687 1061 875 1137 *cunctum
904 1050 966 1122 ubl
1001 1043 1237 1124 solemnica

54 1203 180 1274 discet
210 1203 294 1299 poni
303 1190 311 1223 ²
320 1211 491 1274 exactum
527 1190 612 1299 prc-
625 1187 777 1299 simplici
811 1203 935 1274 futuro
969 1194 1204 1278 indicatlviz·‘
1233 1209 1237 1228 ’

61 1355 127 1450 qui
150 1353 324 1428 evolverit
348 1364 515 1461 nostrum
539 1365 618 1424 toln
642 1359 733 1425 elisa
762 1356 965 1448 disyllabo,
993 1346 1231 1430 ‘non‘dub'ita

59 1507 185 1580 multis
213 1507 300 1579 locis
328 1507 503 1579 intactum
538 1508 741 1604 relinquere
767 1518 929 1600 textum,
968 1507 1029 1580 ubi
1063 1509 1191 1607 reliqui
1225 1561 1231 1576 .

56 1662 208 1734 eiecere·
233 1623 381 1756 aliquod
413 1624 623 1750 verbulum,
658 1673 722 1733 aut
754 1662 1073 1759 transpositionem
1106 1662 1173 1735 sibi
1205 1689 1237 1738 e.

55 1813 264 1886 faciendam
297 1813 432 1910 opinati
466 1830 562 1886 sunt.
625 1814 753 1912 Neque
789 1815 1027 1908 admirabitur
1062 1815 1099 1887 in
1131 1814 1234 1916 virgi

55 1965 255 2064 aliquando
278 1966 365 2063 poni
387 1966 551 2040 dativum
570 1994 636 2065 pro
660 1967 832 2064 genitiv0,
858 1968 919 2064 qui
948 1994 994 2040 ex
1014 1968 1132 2040 indice
1155 1992 1237 2040 nos·

59 2145 89 2190 e.
112 2145 150 2191 v.
178 2123 326 2190 dativus
355 2122 434 2190 lucc
456 2125 613 2215 genitivi
640 2119 804 2192 didicerit
828 2120 949 2192 multis
969 2120 1063 2191 locis
1088 2120 1125 2191 in
1151 2119 1216 2192 Pla

56 2272 154 2343 hanc
181 2270 486 2343 constructionem
514 2273 690 2368 usurpari.
753 2269 891 2367 Neque,
926 2272 962 2343 in
1000 2271 1125 2369 Crispo
1159 2271 1232 2344 dict

54 2449 146 2496 nem
177 2429 272 2495 sutis
310 2435 519 2520 spectatum
557 2426 682 2497 autin
712 2423 855 2523 Nepote
878 2428 1047 2519 putrium
1076 2436 1110 2496 et
1133 2430 1218 2496 dum

10 2656 15 2693 :
58 2578 150 2675 legi,
200 2576 261 2672 qui
301 2579 526 2675 perspexerit
568 2580 605 2650 in
648 2577 783 2651 Nostro
834 2579 906 2650 iam
951 2588 1145 2678 utrumque
1182 2604 1229 2675 qu

10 2706 17 2728 Ι
58 2731 256 2831 proverbio
285 2730 487 2803 adhibitum
510 2744 665 2834 exstare.
689 2777 734 2785 —-
759 2732 880 2829 Atque
903 2733 953 2805 sic
981 2732 1150 2805 evolvere
1175 2755 1220 2804 ve

59 2887 217 2958 lectores
240 2894 277 2956 et
299 2885 582 2981 grammaticalia
613 2896 650 2957 et
675 2885 884 2984 syntactica,
918 2885 1056 2981 qualia:
1106 2889 1232 2956 ludica

10 2994 24 3042 Π
62 3064 143 3124 vus,
171 3037 387 3133 infinitivus,
405 3039 629 3133 perfectum,
655 3040 1077 3134 plusquamperfectum,
1099 3063 1237 3133 praes

10 3150 24 3198 ι
68 3199 103 3262 et
144 3188 216 3261 alia
258 3188 382 3261 multa.
460 3188 609 3262 Meti-ica
656 3200 789 3279 autem,
839 3216 931 3287 quae
980 3189 1229 3263 coacervavim

10 3328 21 3351 ‘
66 3365 296 3439 quorumque
322 3341 462 3439 singula
478 3342 645 3439 exempla
671 3342 737 3413 sub
765 3341 836 3412 suis
862 3341 1036 3438 capitibus
1063 3341 1227 3440 collegim

10 3458 16 3501 ἶ
66 3497 117 3568 ita
143 3505 231 3566 sunt
253 3494 454 3584 innumera,
492 3506 533 3568 ut
566 3496 602 3566 in
636 3495 760 3591 quavis
792 3495 924 3592 pagina
955 3495 1138 3592 legantur,
1165 3520 1229 3568 ne

68 3673 162 3746 opus
189 3648 236 3720 sit
259 3647 400 3746 singula
422 3649 479 3721 hic
509 3649 674 3745 exemplo
706 3647 803 3745 poni.

170 3799 213 3872 In
228 3801 435 3874 universum
454 3813 577 3874 autem
597 3802 632 3872 in
651 3799 767 3872 indice
794 3798 1016 3871 conciliando
1038 3798 1108 3871 hoc
1129 3798 1237 3871 maxi

71 3953 328 4050 spectavimus,
368 3966 409 4028 ut
438 3967 474 4028 et
497 3956 568 4027 loci
595 3954 727 4050 quique
753 3963 919 4024 accurate
949 3951 1209 4041 invenirentur,

69 4104 109 4176 in
159 4104 420 4181 difficilioribus
467 4108 750 4202 rarioribusque,
804 4105 882 4202 quis
934 4114 1027 4177 esset
1067 4103 1237 4201 significa.

71 4258 233 4350 dictioni,
258 4260 440 4335 adiectum
460 4262 652 4359 legeretur.
706 4253 837 4330 Omnia
863 4268 905 4329 ut
932 4227 1197 4354 interpretarer,
1229 4289 1235 4321 ι

68 4440 149 4490 non
188 4440 279 4514 opus
313 4439 390 4489 esse
419 4425 483 4488 aut
514 4415 572 4487 hic
601 4438 676 4485 non
701 4408 904 4484 faciendum
927 4405 1024 4480 duxi.
1046 4450 1097 4461 -
1118 4407 1206 4484 Oete
