2474 5234
45 188 77 233 rr
533 159 769 231 PRAEFATIO

45 374 102 465 tis,
127 369 362 471 sepositisque
386 368 499 461 adeo,
533 395 628 469 quae
656 395 726 470 ego
755 369 832 469 ipse
875 367 1029 444 antehac
1071 392 1199 443 meum

45 553 151 604 usum
174 528 324 601 collecta
346 525 559 617 habueram,
581 551 720 601 novum
742 550 790 600 ex
813 525 956 625 integro
981 523 1136 598 indicem
1167 547 1233 597 co

24 699 182 782 ¹ponere
202 679 409 782 adgressus,
441 675 647 754 comoedias
672 677 720 755 ad
750 705 861 754 unam
897 703 1022 753 omnes
1050 677 1229 778 singulat‘

45 862 69 912 a
103 837 220 936 capite
254 834 301 908 ad
334 833 467 908 calcem
499 834 735 933 perlustravi,
776 844 814 909 et
854 833 1103 909 memorabilia
1137 858 1224 906 om

44 990 252 1091 aceongessi
276 1000 313 1063 et
336 987 520 1080 adnotavi,
555 999 597 1063 ut
618 989 791 1078 existeret
811 986 958 1063 demum
983 987 1095 1062 index
1117 997 1156 1060 et
1183 1012 1233 1061 cu

43 1146 167 1220 critica
191 1155 318 1218 nostra
349 1153 387 1218 et
419 1169 502 1218 cum
538 1143 838 1242 interpretatione
873 1153 911 1218 et
937 1142 1143 1244 rhythmica
1179 1167 1231 1217 ve

44 1300 214 1375 Plautina
244 1300 360 1400 magis
388 1326 497 1400 quam
524 1299 654 1400 reliqui
674 1283 959 1376 consentiamus.
1020 1295 1090 1388 Qui
1122 1322 1231 1395 quan

44 1455 126 1528 usui
166 1477 244 1527 esse
284 1454 398 1554 possit
446 1448 656 1528 hominibus
702 1447 897 1530 latinarum
937 1453 1125 1528 literarum
1164 1481 1234 1532 ree

43 1609 230 1699 studiosis,
260 1607 370 1707 longa
405 1607 505 1682 nulla
540 1608 862 1707 argumentatione·
895 1607 1058 1708 indigere
1091 1607 1233 1683 arbitr

43 1767 212 1866 Plerique
244 1763 340 1839 enim
374 1759 492 1835 adhuc
525 1761 745 1859 interpretes
783 1786 827 1835 eo
862 1784 1125 1861 saepenumero
1160 1762 1229 1838 fue

42 1923 133 2015 falsi,
165 1917 264 2020 quod
291 1919 328 1991 in
351 1916 501 2017 singulis
526 1916 743 1991 dictionibus
768 1916 1065 2017 interpretandis,
1102 1917 1231 2020 singul

42 2099 197 2176 rumque
237 2073 402 2148 locorum
440 2071 597 2146 lectione
645 2067 919 2162 consumenda,
958 2068 1183 2171 singuloru
1205 2111 1235 2140 ‚t

41 2231 177 2334 pedum
202 2230 241 2305 in
269 2226 437 2304 versibus
468 2225 611 2300 ratione
638 2223 864 2326 colligenda,
901 2245 979 2300 non
998 2220 1064 2333 ¹ad
1100 2227 1184 2302 reli
1208 2267 1237 2288 ··

42 2410 168 2462 omnes
189 2385 300 2471 locos,
323 2380 362 2454 in
384 2379 515 2478 quibus
536 2378 665 2452 similia
680 2377 863 2478 legimtur,
882 2380 1044 2454 animum
1062 2381 1164 2459 adso
1196 2421 1237 2451 ..,

42 2554 207 2643 potuere.
277 2531 348 2626 Qui
385 2531 534 2632 quidem
575 2531 642 2630 ipsi
681 2529 754 2606 looi
792 2531 950 2631 primum
981 2532 1031 2608 ad
1072 2559 1176 2610 met·
1216 2593 1227 2605 Ὗ

41 2695 305 2791 reotioremque
338 2708 506 2764 normam
549 2695 654 2762 erant
695 2686 931 2787 comparandi
970 2701 1008 2765 et
1055 2687 1138 2765 eolll
1176 2729 1230 2759 aa·

42 2873 153 2949 quam
173 2845 331 2921 antebac
353 2845 492 2919 factum
515 2852 573 2917 est
595 2851 661 2917 aut
680 2841 759 2916 fieri
782 2843 914 2942 potuit.
936 2882 987 2901 -
1003 2843 1147 2920 Deinde
1171 2866 1237 2926 ve

42 3015 81 3081 et
101 3004 140 3078 in
160 3000 306 3099 reliquis
326 2997 561 3097 scriptoribus
592 2995 873 3097 interpretandis
895 2999 1052 3074 multum
1071 3000 1145 3076 huc
1179 3038 1208 3069 r·
1229 3039 1235 3063 ·

42 3157 256 3232 fluemsmm
287 3163 364 3244 eat,
403 3176 450 3226 eo
486 3148 586 3249 quod
616 3149 834 3248 interpretes
864 3174 942 3226 non
977 3151 1025 3227 ad
1053 3155 1237 3256 antiqui

40 3311 186 3410 linguae
205 3314 446 3381 monumenta
469 3314 625 3404 potuere
652 3303 851 3402 respicere,
889 3303 973 3381 ideo
1007 3308 1093 3407 quia
1140 3346 1216 3375 m.

41 3464 205 3563 ipsorum
245 3459 389 3559 singula
429 3465 616 3530 momenta
657 3479 768 3555 saepe
805 3467 873 3532 aut
908 3459 1017 3559 plane
1060 3487 1155 3554 non,

41 3619 269 3720 negligenter
293 3622 620 3703 tentamentum
639 3608 688 3685 ad
712 3610 847 3686 irratam
867 3612 1048 3690 rationem
1071 3615 1148 3690 bus·
1198 3657 1230 3684 ι1

44 3782 149 3849 aaut
170 3767 411 3886 considerata
469 3763 551 3856 Quo
575 3790 625 3840 ex
648 3775 806 3866 unoque
831 3786 966 3868 genere
990 3784 1108 3868 pauca
1138 3784 1200 3836 tn

43 3925 208 4001 suffidat.
260 3919 329 4013 Sic,
356 3921 419 4020 qni
446 3921 593 4020 ignorat
617 3944 724 3995 usum
751 3919 882 4014 Plauti,
915 3921 1049 4024 Amph·
1078 3925 1172 4024 prol.

44 4079 206 4154 offensus
226 4074 359 4150 omissa
383 4075 515 4174 copula
532 4074 572 4148 in
594 4075 715 4150 verbis
739 4079 972 4174 adprobare,
996 4084 1175 4172 mutar,
1235 4129 1237 4148 ,

44 4230 306 4307 recentioribus
330 4228 470 4320 accidit,
496 4230 601 4305 facile
623 4228 817 4306 inducatm
835 4229 885 4306 ad
905 4233 1120 4309 mutandam
1141 4237 1229 4309 lm

45 4406 132 4461 nem
159 4381 464 4484 scribendumque
499 4410 549 4458 oc
583 4388 705 4472 sitim
748 4406 864 4485 quum
905 4396 1030 4464 umen
1062 4413 1110 4464 ea
1154 4422 1227 4482 ψ

45 4536 174 4615 erebro
199 4545 312 4636 poeta
333 4558 423 4613 uam
442 4537 500 4627 sit,
529 4536 841 4636 quemadmodum
859 4542 1104 4645 perspicietur,
1128 4543 1237 4647 siqu
