2616 5264
363 1314 852 1459 PRAEFATIO.

51 1986 164 2118 letus
187 2042 330 2120 indices
354 2043 406 2120 ad
430 2047 589 2146 optimos
610 2071 776 2147 quosque
797 2048 990 2146 scriptores
1016 2056 1216 2146 poetasque

66 2188 162 2276 Uos
182 2199 236 2276 ab
257 2197 463 2323 pditoribus
487 2201 736 2292 adstruantur‚
769 2205 935 2302 prolecto
962 2198 1143 2299 estquod
1177 2199 1216 2272 li·

63 2350 159 2431 ban
186 2365 358 2432 amantes
397 2358 562 2457 apprime
603 2370 777 2457 expetere
821 2357 966 2450 deceat,
1010 2357 1095 2432 licet
1135 2380 1218 2430 eam

63 2522 149 2605 §nm
170 2521 360 2588 nostrates
385 2513 602 2613 plerumque
628 2539 717 2589 eane
742 2514 846 2613 peius
881 2525 920 2588 et
953 2539 1073 2614 angue
1098 2511 1219 2589 odisse

58 2692 62 2716 ²
94 2697 115 2727 ν·
132 2666 292 2767 fugitare
317 2667 471 2742 soleant.
537 2664 610 2742 Sed
637 2693 708 2766 ego
738 2667 777 2740 in
811 2666 943 2742 Plauto
972 2680 1077 2744 tanto
1103 2668 1221 2769 magis

53 2845 72 2886 o
93 2817 150 2896 lae
182 2830 292 2921 parte
329 2847 390 2898 me
423 2822 551 2898 adesse
586 2832 759 2922 oportere
792 2823 989 2898 lectoribus
1024 2826 1221 2901 arbitratus

54 2989 106 3068 u,
133 2986 273 3078 quanto
304 2980 424 3077 magis
459 2979 724 3078 intelligebam,
768 2978 909 3052 nullum
949 2981 1027 3055 fere
1064 2979 1221 3054 indicem
1300 2987 1303 2992 '

78 3159 184 3230 mm,
224 3133 288 3234 qui
318 3135 510 3225 extabant,
555 3132 603 3209 ad
640 3159 759 3208 meam
795 3134 987 3209 commode
1024 3133 1221 3209 editionem

102 3323 137 3357 ro
201 3311 320 3390 posse,
356 3289 490 3390 quippe
524 3288 563 3365 in
602 3313 676 3388 qua
702 3299 740 3361 et
764 3288 871 3363 lectio
909 3298 1033 3364 textus
1064 3300 1103 3364 et
1128 3289 1221 3365 ordo

77 3472 176 3522 unm
199 3443 323 3519 multis
343 3444 432 3520 locis
452 3466 556 3517 secus
577 3452 687 3540 atque
704 3442 742 3515 in
763 3442 909 3542 reliquis
930 3467 1009 3518 sese
1034 3444 1221 3520 haberent.

83 3626 131 3676 oe
161 3622 282 3700 quum
318 3597 584 3673 constituissem
622 3596 669 3670 ab
707 3596 831 3686 initio,
872 3598 1052 3673 maiorum
1083 3601 1122 3676 in
1155 3600 1226 3676 hoe
1303 3618 1305 3622 “

92 3794 102 3821 2³
123 3796 130 3825 ·.
155 3753 282 3833 studia
301 3753 349 3829 ad
368 3777 488 3830 meam
503 3777 581 3826 rem
603 3749 890 3843 accommodare,
918 3753 1227 3853 pristinorumque

58 3987 61 3992 .
97 3915 199 3991 inm=
224 3922 264 3988 et
288 3911 399 3986 citata
419 3918 458 3983 et
479 3905 798 4005 interpretationes
820 3903 868 3979 ad
888 3931 1008 3981 meam
1030 3906 1227 3983 editionem

67 4102 131 4135 „ro
163 4095 199 4160 ο,
212 4067 337 4144 statim
359 4067 398 4141 in
411 4063 586 4165 principio
608 4061 715 4152 sensi,
737 4060 766 4133 si
790 4061 855 4136 tali
881 4062 994 4137 modo
1016 4061 1227 4136 inchoatum

86 4265 94 4284 ›.
129 4221 302 4326 persequi
338 4245 509 4310 conarer,
557 4217 614 4293 bis
653 4227 759 4291 tanto
795 4226 834 4291 et
871 4214 1107 4288 difficiliorem
1140 4214 1229 4289 mihi

56 4442 58 4446 ,
104 4437 106 4445 s
126 4418 145 4447 r·
181 4387 223 4455 et
242 4374 547 4479 imperfectiorem
566 4371 723 4449 indicem
751 4394 829 4446 esse
856 4391 1061 4445 evasurum.
1112 4366 1229 4470 Igitur

79 4569 83 4594 ι
114 4535 146 4599 t:
179 4531 290 4635 plnne
313 4528 549 4632 pristinorum
574 4526 613 4601 in
638 4550 682 4602 ea
714 4547 754 4599 re
787 4521 994 4624 diligentiae
1017 4543 1229 4598 monumen·
